<record><leader>04403cas a2200649 a 4500</leader><controlfield tag="001">1297607</controlfield><controlfield tag="008">900709m19859999caufr p   o       a0eng d</controlfield><datafield ind1=" " ind2=" " tag="010"><subfield code="a">   85644508 </subfield><subfield code="z">sn 84002401</subfield></datafield><datafield ind1="0" ind2=" " tag="022"><subfield code="a">8755-4178</subfield></datafield><datafield ind1=" " ind2=" " tag="035"><subfield code="a">ocm11309512</subfield></datafield><datafield ind1=" " ind2=" " tag="037"><subfield code="b">Membership Services, P.O. Box 1608, Decatur, GA 30031-1608</subfield></datafield><datafield ind1=" " ind2=" " tag="040"><subfield code="a">DLC-L</subfield><subfield code="b">eng</subfield><subfield code="d">DLC</subfield><subfield code="d">NST</subfield><subfield code="d">DLC</subfield><subfield code="d">NST</subfield><subfield code="d">DLC-L</subfield><subfield code="d">InU</subfield><subfield code="d">NST</subfield><subfield code="d">NIC</subfield><subfield code="d">NST</subfield><subfield code="d">DLC-L</subfield><subfield code="d">NST</subfield><subfield code="d">ACAL</subfield></datafield><datafield ind1=" " ind2=" " tag="042"><subfield code="a">nsdp</subfield><subfield code="a">lc</subfield></datafield><datafield ind1=" " ind2=" " tag="049"><subfield code="a">AEU</subfield><subfield code="b">eng</subfield></datafield><datafield ind1="0" ind2=" " tag="050"><subfield code="a">HQ1393</subfield><subfield code="b">.J68</subfield></datafield><datafield ind1="0" ind2=" " tag="082"><subfield code="a">261.8/3442</subfield><subfield code="2">19</subfield></datafield><datafield ind1=" " ind2=" " tag="090"><subfield code="a">HQ 1393 JFSR</subfield><subfield code="b">AENTC</subfield></datafield><datafield ind1="0" ind2=" " tag="090"><subfield code="a">HQ 1393 J86</subfield><subfield code="b">ACAL</subfield></datafield><datafield ind1="0" ind2=" " tag="090"><subfield code="a">HQ 1393 J86</subfield></datafield><datafield ind1="0" ind2=" " tag="210"><subfield code="a">J. fem. stud. relig.</subfield></datafield><datafield ind1=" " ind2="0" tag="222"><subfield code="a">Journal of feminist studies in religion</subfield></datafield><datafield ind1="0" ind2="0" tag="245"><subfield code="a">Journal of feminist studies in religion.</subfield></datafield><datafield ind1="1" ind2="3" tag="246"><subfield code="a">JFSR</subfield></datafield><datafield ind1=" " ind2=" " tag="260"><subfield code="a">[Chico, CA :</subfield><subfield code="b">Scholars Press],</subfield><subfield code="c">c1985-</subfield></datafield><datafield ind1=" " ind2=" " tag="300"><subfield code="a">v. ;</subfield><subfield code="c">23 cm.</subfield></datafield><datafield ind1=" " ind2=" " tag="310"><subfield code="a">Semiannual</subfield></datafield><datafield ind1=" " ind2=" " tag="336"><subfield code="a">text</subfield><subfield code="b">txt</subfield><subfield code="2">rdacontent</subfield></datafield><datafield ind1=" " ind2=" " tag="337"><subfield code="a">unmediated</subfield><subfield code="b">n</subfield><subfield code="2">rdamedia</subfield></datafield><datafield ind1=" " ind2=" " tag="338"><subfield code="a">volume</subfield><subfield code="b">nc</subfield><subfield code="2">rdacarrier</subfield></datafield><datafield ind1="0" ind2=" " tag="362"><subfield code="a">Vol. 1, no. 1 (spring 1985)-</subfield></datafield><datafield ind1=" " ind2=" " tag="596"><subfield code="a">16 32 38</subfield></datafield><datafield ind1=" " ind2=" " tag="599"><subfield code="a">16</subfield><subfield code="b">V. 21 NO. 2 2005;</subfield><subfield code="b">V. 21 NO. 1 2005;</subfield><subfield code="b">V. 20 NO. 2 2004;</subfield></datafield><datafield ind1=" " ind2="0" tag="650"><subfield code="a">Women and religion</subfield><subfield code="v">Periodicals.</subfield></datafield><datafield ind1=" " ind2="0" tag="650"><subfield code="a">Feminism</subfield><subfield code="x">Religious aspects</subfield><subfield code="v">Periodicals.</subfield></datafield><datafield ind1=" " ind2="0" tag="650"><subfield code="a">Women's studies</subfield><subfield code="v">Periodicals.</subfield></datafield><datafield ind1=" " ind2=" " tag="940"><subfield code="a">NO EJOURNAL HOLDINGS</subfield></datafield><datafield ind1=" " ind2=" " tag="926"><subfield code="a">HQ 1393 J86 v.5-6 1989-1990</subfield><subfield code="w">LCPER</subfield><subfield code="c">1</subfield><subfield code="i">000035395391</subfield><subfield code="d">9/30/1996</subfield><subfield code="l">STOR_DARK</subfield><subfield code="m">UABARD</subfield><subfield code="n">2</subfield><subfield code="p">$150.00</subfield><subfield code="r">Y</subfield><subfield code="s">Y</subfield><subfield code="t">PERIODICAL</subfield><subfield code="u">8/29/1991</subfield><subfield code="o">.STAFF. P153B22</subfield></datafield><datafield ind1=" " ind2=" " tag="926"><subfield code="a">HQ 1393 J86 v.7-8 1991-1992</subfield><subfield code="w">LCPER</subfield><subfield code="c">1</subfield><subfield code="i">0162001725496</subfield><subfield code="d">1/22/2002</subfield><subfield code="l">STOR_DARK</subfield><subfield code="m">UABARD</subfield><subfield code="n">7</subfield><subfield code="p">$150.00</subfield><subfield code="r">Y</subfield><subfield code="s">Y</subfield><subfield code="t">PERIODICAL</subfield><subfield code="u">9/29/1994</subfield><subfield code="o">.STAFF. P153B22</subfield></datafield><datafield ind1=" " ind2=" " tag="926"><subfield code="a">HQ 1393 J86 v.9 1993</subfield><subfield code="w">LCPER</subfield><subfield code="c">1</subfield><subfield code="i">0162006015489</subfield><subfield code="d">6/7/1999</subfield><subfield code="l">STOR_DARK</subfield><subfield code="m">UABARD</subfield><subfield code="n">2</subfield><subfield code="p">$150.00</subfield><subfield code="r">Y</subfield><subfield code="s">Y</subfield><subfield code="t">PERIODICAL</subfield><subfield code="u">5/29/1997</subfield><subfield code="o">.STAFF. P153B20</subfield></datafield><datafield ind1=" " ind2=" " tag="926"><subfield code="a">HQ 1393 J86 v.10 1994</subfield><subfield code="w">LCPER</subfield><subfield code="c">1</subfield><subfield code="i">0162006015497</subfield><subfield code="d">2/16/2004</subfield><subfield code="e">2/13/2004</subfield><subfield code="l">STOR_DARK</subfield><subfield code="m">UABARD</subfield><subfield code="n">6</subfield><subfield code="p">$150.00</subfield><subfield code="r">Y</subfield><subfield code="s">Y</subfield><subfield code="t">PERIODICAL</subfield><subfield code="u">5/29/1997</subfield><subfield code="o">.STAFF. P153B20</subfield></datafield><datafield ind1=" " ind2=" " tag="926"><subfield code="a">HQ 1393 J86 v.11-12 1995-1996</subfield><subfield code="w">LCPER</subfield><subfield code="c">1</subfield><subfield code="i">0162008829036</subfield><subfield code="d">4/8/2002</subfield><subfield code="l">STOR_DARK</subfield><subfield code="m">UABARD</subfield><subfield code="n">3</subfield><subfield code="p">$150.00</subfield><subfield code="r">Y</subfield><subfield code="s">Y</subfield><subfield code="t">PERIODICAL</subfield><subfield code="u">2/12/1999</subfield><subfield code="o">.STAFF. P153B20</subfield></datafield><datafield ind1=" " ind2=" " tag="926"><subfield code="a">HQ 1393 J86 v.13-14 1997-1998</subfield><subfield code="w">LCPER</subfield><subfield code="c">1</subfield><subfield code="i">0162010066429</subfield><subfield code="d">3/11/2002</subfield><subfield code="l">STOR_DARK</subfield><subfield code="m">UABARD</subfield><subfield code="n">3</subfield><subfield code="p">$150.00</subfield><subfield code="r">Y</subfield><subfield code="s">Y</subfield><subfield code="t">PERIODICAL</subfield><subfield code="u">9/22/1999</subfield><subfield code="o">.STAFF. P153B20</subfield></datafield><datafield ind1=" " ind2=" " tag="926"><subfield code="a">HQ 1393 J86 v.15 1999</subfield><subfield code="w">LCPER</subfield><subfield code="c">1</subfield><subfield code="i">0162011752662</subfield><subfield code="d">11/29/2011</subfield><subfield code="e">2/6/2004</subfield><subfield code="l">STOR_DARK</subfield><subfield code="m">UABARD</subfield><subfield code="n">5</subfield><subfield code="p">$150.00</subfield><subfield code="r">Y</subfield><subfield code="s">Y</subfield><subfield code="t">PERIODICAL</subfield><subfield code="u">10/10/2000</subfield><subfield code="o">.STAFF. P153B20</subfield></datafield><datafield ind1=" " ind2=" " tag="926"><subfield code="a">HQ 1393 J86 v.16 2000</subfield><subfield code="w">LCPER</subfield><subfield code="c">1</subfield><subfield code="i">0162015052226</subfield><subfield code="d">3/2/2007</subfield><subfield code="e">3/1/2007</subfield><subfield code="l">STOR_DARK</subfield><subfield code="m">UABARD</subfield><subfield code="n">2</subfield><subfield code="p">$150.00</subfield><subfield code="r">Y</subfield><subfield code="s">Y</subfield><subfield code="t">PERIODICAL</subfield><subfield code="u">3/12/2002</subfield><subfield code="o">.STAFF. P153B20</subfield></datafield><datafield ind1=" " ind2=" " tag="926"><subfield code="a">HQ 1393 J86 v.10-11 1994/1995</subfield><subfield code="w">LCPER</subfield><subfield code="c">1</subfield><subfield code="i">11910000826302</subfield><subfield code="l">ON_SHELF</subfield><subfield code="m">UAAUG</subfield><subfield code="r">Y</subfield><subfield code="s">Y</subfield><subfield code="t">PERIODICAL</subfield><subfield code="u">1/19/1995</subfield></datafield><datafield ind1=" " ind2=" " tag="926"><subfield code="a">HQ 1393 J86 v.12-13 1996/1997</subfield><subfield code="w">LCPER</subfield><subfield code="c">1</subfield><subfield code="i">11910000879947</subfield><subfield code="l">ON_SHELF</subfield><subfield code="m">UAAUG</subfield><subfield code="r">Y</subfield><subfield code="s">Y</subfield><subfield code="t">PERIODICAL</subfield><subfield code="u">2/17/1998</subfield></datafield><datafield ind1=" " ind2=" " tag="926"><subfield code="a">HQ 1393 J86 v.14-15 1998/1999</subfield><subfield code="w">LCPER</subfield><subfield code="c">1</subfield><subfield code="i">11910000991114</subfield><subfield code="l">ON_SHELF</subfield><subfield code="m">UAAUG</subfield><subfield code="r">Y</subfield><subfield code="s">Y</subfield><subfield code="t">PERIODICAL</subfield><subfield code="u">10/17/2000</subfield></datafield><datafield ind1=" " ind2=" " tag="926"><subfield code="a">HQ 1393 J86 v.16-17 2000/2001</subfield><subfield code="w">LCPER</subfield><subfield code="c">1</subfield><subfield code="i">11910001072930</subfield><subfield code="l">ON_SHELF</subfield><subfield code="m">UAAUG</subfield><subfield code="r">Y</subfield><subfield code="s">Y</subfield><subfield code="t">PERIODICAL</subfield><subfield code="u">11/21/2002</subfield></datafield><datafield ind1=" " ind2=" " tag="926"><subfield code="a">Library has holdings</subfield><subfield code="w">LC</subfield><subfield code="c">1</subfield><subfield code="i">1297607-16001</subfield><subfield code="l">PERIODICAL</subfield><subfield code="m">NEWMAN</subfield><subfield code="r">Y</subfield><subfield code="s">Y</subfield><subfield code="t">PERIODICAL</subfield><subfield code="u">6/5/2003</subfield></datafield><datafield ind1=" " ind2=" " tag="926"><subfield code="a">HQ 1393 J86 v.17-18 2001-2002</subfield><subfield code="w">LCPER</subfield><subfield code="c">1</subfield><subfield code="i">0162017779487</subfield><subfield code="d">10/22/2004</subfield><subfield code="e">10/22/2004</subfield><subfield code="l">STOR_DARK</subfield><subfield code="m">UABARD</subfield><subfield code="n">3</subfield><subfield code="p">$150.00</subfield><subfield code="r">Y</subfield><subfield code="s">Y</subfield><subfield code="t">PERIODICAL</subfield><subfield code="u">9/12/2003</subfield><subfield code="o">.STAFF. P153B20</subfield></datafield><datafield ind1=" " ind2=" " tag="926"><subfield code="a">HQ 1393 J86 v.18-19 2002/2003</subfield><subfield code="w">LCPER</subfield><subfield code="c">1</subfield><subfield code="i">11910001109781</subfield><subfield code="l">ON_SHELF</subfield><subfield code="m">UAAUG</subfield><subfield code="p">$100.00</subfield><subfield code="r">Y</subfield><subfield code="s">Y</subfield><subfield code="t">PERIODICAL</subfield><subfield code="u">2/23/2004</subfield></datafield><datafield ind1=" " ind2=" " tag="926"><subfield code="a">HQ 1393 J86 v.19 2003</subfield><subfield code="w">LCPER</subfield><subfield code="c">1</subfield><subfield code="i">0162019777620</subfield><subfield code="l">STOR_DARK</subfield><subfield code="m">UABARD</subfield><subfield code="p">$150.00</subfield><subfield code="r">Y</subfield><subfield code="s">Y</subfield><subfield code="t">PERIODICAL</subfield><subfield code="u">12/2/2004</subfield><subfield code="o">.STAFF. P153B20</subfield></datafield><datafield ind1=" " ind2=" " tag="926"><subfield code="a">HQ 1393 J86 v.20-21 2004-2005</subfield><subfield code="w">LCPER</subfield><subfield code="c">1</subfield><subfield code="i">0162022591224</subfield><subfield code="d">1/17/2011</subfield><subfield code="e">1/13/2011</subfield><subfield code="l">STOR_DARK</subfield><subfield code="m">UABARD</subfield><subfield code="n">2</subfield><subfield code="p">$150.00</subfield><subfield code="r">Y</subfield><subfield code="s">Y</subfield><subfield code="t">PERIODICAL</subfield><subfield code="u">7/28/2006</subfield><subfield code="o">.STAFF. P153B21</subfield></datafield><datafield ind1=" " ind2=" " tag="926"><subfield code="a">HQ 1393 J86 v.20/21 2004/2005</subfield><subfield code="w">LCPER</subfield><subfield code="c">1</subfield><subfield code="i">0162021475726</subfield><subfield code="l">ON_SHELF</subfield><subfield code="m">UAAUG</subfield><subfield code="p">$150.00</subfield><subfield code="r">Y</subfield><subfield code="s">Y</subfield><subfield code="t">PERIODICAL</subfield><subfield code="u">9/1/2006</subfield></datafield><datafield ind1=" " ind2=" " tag="926"><subfield code="a">HQ 1393 J86 v.3-4 1987-1988</subfield><subfield code="w">LCPER</subfield><subfield code="c">1</subfield><subfield code="i">000035395409</subfield><subfield code="d">3/24/2003</subfield><subfield code="l">STOR_DARK</subfield><subfield code="m">UABARD</subfield><subfield code="n">8</subfield><subfield code="p">$150.00</subfield><subfield code="r">Y</subfield><subfield code="s">Y</subfield><subfield code="t">PERIODICAL</subfield><subfield code="u">1/17/1991</subfield><subfield code="o">.STAFF. P320B16</subfield></datafield><datafield ind1=" " ind2=" " tag="926"><subfield code="a">HQ 1393 J86 v.1-2 1985-1986</subfield><subfield code="w">LCPER</subfield><subfield code="c">1</subfield><subfield code="i">000034871756</subfield><subfield code="d">11/23/2004</subfield><subfield code="e">11/23/2004</subfield><subfield code="l">STOR_DARK</subfield><subfield code="m">UABARD</subfield><subfield code="n">2</subfield><subfield code="p">$150.00</subfield><subfield code="r">Y</subfield><subfield code="s">Y</subfield><subfield code="t">PERIODICAL</subfield><subfield code="u">1/21/1991</subfield><subfield code="o">.STAFF. P320B16</subfield></datafield><datafield ind1=" " ind2=" " tag="926"><subfield code="a">DARK STORAGE</subfield><subfield code="w">LCPER</subfield><subfield code="c">1</subfield><subfield code="i">1297607-28001</subfield><subfield code="l">IN_PROCESS</subfield><subfield code="m">UABARD</subfield><subfield code="p">$150.00</subfield><subfield code="r">Y</subfield><subfield code="s">Y</subfield><subfield code="t">PERIODICAL</subfield><subfield code="u">1/25/2016</subfield><subfield code="0">STOR_DARK</subfield><subfield code="o">.STAFF. summary holdings: AEU ON_SHELF HQ 1393 J86  v.1(1985)-v.21(2005)</subfield></datafield></record>